<record><leader>00000cas a22000007a 4500</leader><controlfield tag="001">10986030</controlfield><controlfield tag="008">840725d18911921ohudn ne      0    0eng d</controlfield><datafield ind1=" " ind2=" " tag="010"><subfield code="a">sn 84028390 </subfield></datafield><datafield ind1=" " ind2=" " tag="040"><subfield code="a">NPY</subfield><subfield code="b">eng</subfield><subfield code="c">NPY</subfield><subfield code="d">ONP</subfield><subfield code="d">OCLCQ</subfield></datafield><datafield ind1=" " ind2=" " tag="042"><subfield code="a">msc</subfield></datafield><datafield ind1="0" ind2="0" tag="245"><subfield code="a">Warren daily tribune.</subfield></datafield><datafield ind1=" " ind2=" " tag="260"><subfield code="a">Warren, Ohio :</subfield><subfield code="b">R.D. Lampson &amp; E.W. Dow,</subfield><subfield code="c">-1921.</subfield></datafield><datafield ind1=" " ind2=" " tag="300"><subfield code="a">v.</subfield></datafield><datafield ind1=" " ind2=" " tag="310"><subfield code="a">Daily (except Sun.)</subfield></datafield><datafield ind1="1" ind2=" " tag="362"><subfield code="a">Began with Sept. 7, 1891 issue.</subfield></datafield><datafield ind1="0" ind2=" " tag="362"><subfield code="a">-v. 31, no. 93 (Dec. 19, 1921).</subfield></datafield><datafield ind1=" " ind2=" " tag="580"><subfield code="a">Weekly edition titled: Warren tribune (Warren, Ohio : 1876), 1891-1893, and: Warren weekly tribune, 1893-1919.</subfield></datafield><datafield ind1=" " ind2=" " tag="588"><subfield code="a">Description based on: Vol. 1, no. 2 (Sept. 8, 1891).</subfield></datafield><datafield ind1=" " ind2="4" tag="651"><subfield code="a">Warren (Ohio)</subfield><subfield code="v">Newspapers.</subfield></datafield><datafield ind1=" " ind2="4" tag="651"><subfield code="a">Trumbull County (Ohio)</subfield><subfield code="v">Newspapers.</subfield></datafield><datafield ind1=" " ind2=" " tag="752"><subfield code="a">United States</subfield><subfield code="b">Ohio</subfield><subfield code="c">Trumbull</subfield><subfield code="d">Warren.</subfield></datafield><datafield ind1="1" ind2=" " tag="775"><subfield code="t">Warren tribune (Warren, Ohio : 1876)</subfield><subfield code="w">(DLC)sn 84028388</subfield></datafield><datafield ind1="1" ind2=" " tag="775"><subfield code="t">Warren weekly tribune</subfield><subfield code="w">(DLC)sn 84028389</subfield></datafield><datafield ind1="0" ind2="0" tag="785"><subfield code="t">Warren tribune (Warren, Ohio : 1921)</subfield><subfield code="w">(DLC)sn 90068606</subfield></datafield></record>